% Encoding: UTF-8

@inproceedings{Wright2013,
  title={Large-scale automated refactoring using ClangMR},
  author={Wright, Hyrum K and Jasper, Daniel and Klimek, Manuel and Carruth, Chandler and Wan, Zhanyong},
  booktitle={2013 IEEE International Conference on Software Maintenance},
  pages={548--551},
  year={2013},
  organization={IEEE},
  url={https://doi.org/10.1109/ICSM.2013.93},
  doi={10.1109/ICSM.2013.93}
}

@online{AngularLS2025,
  author={{Angular Language Server contributors}},
  title={Angular Language Server},
  year={2025},
  url={https://github.com/angular/vscode-ng-language-service},
  note={GitHub repository},
  urldate={2025-10-31}
}

@online{TypeScriptLS2025,
  author={{TypeScript Language Server contributors}},
  title={TypeScript Language Server},
  year={2025},
  url={https://github.com/typescript-language-server/typescript-language-server},
  note={GitHub repository},
  urldate={2025-10-31}
}

@article{Goyvaerts2006,
  title={Regular Expressions},
  author={Goyvaerts, Jan},
  journal={Regular Expression},
  year={2006}
}

@inproceedings{Bierman2014,
  title={Understanding typescript},
  author={Bierman, Gavin and Abadi, Mart{\'\i}n and Torgersen, Mads},
  booktitle={European Conference on Object-Oriented Programming},
  pages={257--281},
  year={2014},
  organization={Springer},
  doi={10.1007/978-3-662-44202-9_11},
  url={https://doi.org/10.1007/978-3-662-44202-9_11}
}

@book{Wilken2018,
  title={Angular in action},
  author={Wilken, Jeremy},
  year={2018},
  publisher={Simon and Schuster}
}

@article{Parker2017,
  title={Opinionated analysis development},
  author={Parker, Hilary},
  journal={PeerJ Preprints},
  volume={5},
  pages={e3210v1},
  year={2017},
  publisher={PeerJ Inc. San Francisco, USA}
}

@book{Kaufman2016,
  title={Angular 2 Components},
  author={Kaufman, Nir and Templier, Thierry},
  year={2016},
  publisher={Packt Publishing Ltd},
  pages={4--4},
}

@article{Cincovic2020,
  title={Comparison: Angular vs. React vs. Vue. Which framework is the best choice?},
  author={Cincovi{\'c}, Jelica and Punt, Marija},
  journal={Zdravkovi{\'c}, M., Konjovi{\'c}, Z., Trajanovi{\'c}, M.(Eds.) ICIST 2020 Proceedings},
  pages={250--255},
  year={2020},
  url={https://www.eventiotic.com/eventiotic/files/Papers/URL/50173409-699e-4b17-8edb-9764ecc53160.pdf},
}

@incollection{Callaghan2023,
  title={Upgrading Angular},
  author={Callaghan, Michael D},
  booktitle={Angular for Business: Awaken the Advocate Within and Become the Angular Expert at Work},
  pages={95--118},
  year={2023},
  publisher={Springer},
  url={https://doi.org/10.1007/978-1-4842-9609-7_8},
  doi={10.1007/978-1-4842-9609-7_8},
}

@inproceedings{Di2020,
  author={Di Penta, Massimiliano and Bavota, Gabriele and Zampetti, Fiorella},
  title={On the relationship between refactoring actions and bugs: a differentiated replication},
  booktitle={Proceedings of the 28th ACM Joint Meeting on European Software Engineering Conference and Symposium on the Foundations of Software Engineering},
  pages={556--567},
  year={2020},
  url={https://doi.org/10.1145/3368089.3409695},
  doi={10.1145/3368089.3409695},
}

@inproceedings{Kaur2016,
  title={Analysis of code refactoring impact on software quality},
  author={Kaur, Amandeep and Kaur, Manpreet},
  booktitle={MATEC web of conferences},
  volume={57},
  pages={02012},
  year={2016},
  organization={EDP Sciences},
  doi={10.1051/matecconf/20165702012},
  url={https://doi.org/10.1051/matecconf/20165702012}
}

@article{Kaur2015,
  title={A review on software maintenance issues and how to reduce maintenance efforts},
  author={Kaur, Uttamjit and Singh, Gagandeep},
  journal={International Journal of Computer Applications},
  volume={118},
  number={1},
  pages={6--11},
  year={2015},
  publisher={Foundation of Computer Science},
  url={https://doi.org/10.5120/20707-3021},
  doi={10.5120/20707-3021},
}

@inproceedings{Vaniea2016,
  title={Tales of software updates: The process of updating software},
  author={Vaniea, Kami and Rashidi, Yasmeen},
  booktitle={Proceedings of the 2016 chi conference on human factors in computing systems},
  pages={3215--3226},
  year={2016},
  url={https://doi.org/10.1145/2858036.2858303},
  doi={10.1145/2858036.2858303},
}

@article{Hodovychenko2025,
  title={Analysis of existing approaches to automated refactoring of object-oriented software systems},
  author={Hodovychenko, Mykola A Hodovychenko Mykola A and Kurinko, Dmytro D Kurinko Dmytro D},
  journal={Вісник сучасних інформаційних технологій},
  volume={8},
  number={2},
  pages={179--196},
  year={2025},
  url={https://doi.org/10.15276/hait.08.2025.11},
  doi={10.15276/hait.08.2025.11},
}

@article{Bork2023,
  title={Language server protocol: An introduction to the protocol, its use, and adoption for web modeling tools},
  author={Bork, Dominik and Langer, Philip},
  journal={Enterprise Modelling and Information Systems Architectures (EMISAJ)},
  volume={18},
  pages={9--1},
  year={2023},
  url={https://doi.org/10.18417/emisa.18.9},
  doi={10.18417/emisa.18.9}
}

@inproceedings{Reid2023,
  title={Using the TypeScript compiler to fix erroneous Node. js snippets},
  author={Reid, Brittany and Treude, Christoph and Wagner, Markus},
  booktitle={2023 IEEE 23rd International Working Conference on Source Code Analysis and Manipulation (SCAM)},
  pages={220--230},
  year={2023},
  organization={IEEE},
  url={https://doi.org/10.1109/SCAM59687.2023.00031},
  doi={10.1109/SCAM59687.2023.00031},
}

@article{Sun2023,
  title={Abstract syntax tree for programming language understanding and representation: How far are we?},
  author={Sun, Weisong and Fang, Chunrong and Miao, Yun and You, Yudu and Yuan, Mengzhe and Chen, Yuchen and Zhang, Quanjun and Guo, An and Chen, Xiang and Liu, Yang and others},
  journal={arXiv preprint arXiv:2312.00413},
  year={2023},
  url={https://doi.org/10.48550/arXiv.2312.00413},
  doi={10.48550/arXiv.2312.00413},
}

@inproceedings{Michael2019,
  title={Regexes are hard: Decision-making, difficulties, and risks in programming regular expressions},
  author={Michael, Louis G and Donohue, James and Davis, James C and Lee, Dongyoon and Servant, Francisco},
  booktitle={2019 34th IEEE/ACM International Conference on Automated Software Engineering (ASE)},
  pages={415--426},
  year={2019},
  organization={IEEE},
  url={https://doi.org/10.1109/ASE.2019.00047},
  doi={10.1109/ASE.2019.00047},
}

@online{AngularUpdateGuide2025,
  title={Angular update guide},
  author={Google},
  year={2025},
  urldate={2025-09-08},
  url={https://angular.dev/update-guide?v=16.0-20.0},
}

@article{Cincovic2019,
  title={Architecture of web applications based on Angular Framework: A Case Study},
  author={Cincovic, Jelica and Delcev, Sanja and Draskovic, Drazen},
  journal={methodology},
  volume={7},
  number={7},
  pages={254--259},
  year={2019},
  url={https://www.eventiotic.com/eventiotic/files/Papers/URL/df6b5054-816e-4bee-b983-663fb87be2cd.pdf},
}

@Comment{jabref-meta: databaseType:biblatex;}
