% Encoding: UTF-8

@inproceedings{Bavota2012,
  title={When does a refactoring induce bugs? an empirical study},
  author={Bavota, Gabriele and De Carluccio, Bernardino and De Lucia, Andrea and Di Penta, Massimiliano and Oliveto, Rocco and Strollo, Orazio},
  booktitle={2012 IEEE 12th International Working Conference on Source Code Analysis and Manipulation},
  pages={104--113},
  year={2012},
  organization={IEEE},
  url={https://www.inf.usi.ch/faculty/bavota/papers/scam2012.pdf},
}

@article{Kaur2015,
  title={A review on software maintenance issues and how to reduce maintenance efforts},
  author={Kaur, Uttamjit and Singh, Gagandeep},
  journal={International Journal of Computer Applications},
  volume={118},
  number={1},
  pages={6--11},
  year={2015},
  publisher={Foundation of Computer Science},
  url={https://d1wqtxts1xzle7.cloudfront.net/49247409/A_Review_on_Software_Maintenance_Issues_and_How_to_Reduce_Maintenance_Efforts-libre.pdf},
}

@inproceedings{Vaniea2016,
  title={Tales of software updates: The process of updating software},
  author={Vaniea, Kami and Rashidi, Yasmeen},
  booktitle={Proceedings of the 2016 chi conference on human factors in computing systems},
  pages={3215--3226},
  year={2016},
  url={https://doi.org/10.1145/2858036.2858303},
}

@article{Hodovychenko2025,
  title={Analysis of existing approaches to automated refactoring of object-oriented software systems},
  author={Hodovychenko, Mykola A Hodovychenko Mykola A and Kurinko, Dmytro D Kurinko Dmytro D},
  journal={Вісник сучасних інформаційних технологій},
  volume={8},
  number={2},
  pages={179--196},
  year={2025},
  url={https://doi.org/10.15276/hait.08.2025.11},
}

@article{Bork2023,
  title={Language server protocol: An introduction to the protocol, its use, and adoption for web modeling tools},
  author={Bork, Dominik and Langer, Philip},
  journal={Enterprise Modelling and Information Systems Architectures (EMISAJ)},
  volume={18},
  pages={9--1},
  year={2023},
  url={https://doi.org/10.18417/emisa.18.9},
}

@inproceedings{Reid2023,
  title={Using the TypeScript compiler to fix erroneous Node. js snippets},
  author={Reid, Brittany and Treude, Christoph and Wagner, Markus},
  booktitle={2023 IEEE 23rd International Working Conference on Source Code Analysis and Manipulation (SCAM)},
  pages={220--230},
  year={2023},
  organization={IEEE},
  url={https://arxiv.org/pdf/2308.12079},
}

@article{Sun2023,
  title={Abstract syntax tree for programming language understanding and representation: How far are we?},
  author={Sun, Weisong and Fang, Chunrong and Miao, Yun and You, Yudu and Yuan, Mengzhe and Chen, Yuchen and Zhang, Quanjun and Guo, An and Chen, Xiang and Liu, Yang and others},
  journal={arXiv preprint arXiv:2312.00413},
  year={2023},
  url={https://arxiv.org/pdf/2312.00413},
}

@inproceedings{Michael2019,
  title={Regexes are hard: Decision-making, difficulties, and risks in programming regular expressions},
  author={Michael, Louis G and Donohue, James and Davis, James C and Lee, Dongyoon and Servant, Francisco},
  booktitle={2019 34th IEEE/ACM International Conference on Automated Software Engineering (ASE)},
  pages={415--426},
  year={2019},
  organization={IEEE},
  url={https://arxiv.org/pdf/2303.02555},
}

@online{AngularUpdateGuide2025,
  title={Angular update guide},
  url={https://angular.dev/update-guide?v=16.0-20.0&l=3},
  urldate={2025-09-08},
  year={2025},
}

@article{Cincovic2019,
  title={Architecture of web applications based on Angular Framework: A Case Study},
  author={Cincovic, Jelica and Delcev, Sanja and Draskovic, Drazen},
  journal={methodology},
  volume={7},
  number={7},
  pages={254--259},
  year={2019},
  url={https://www.eventiotic.com/eventiotic/files/Papers/URL/df6b5054-816e-4bee-b983-663fb87be2cd.pdf},
}

@article{SabiEtAl2016,
  author       = {Sabi, Humphrey M. and Uzoka, Faith-Michael E. and Langmia, Kehbuma and Njeh, Felix M.},
  title        = {Conceptualizing a model for adoption of cloud computing in education},
  journaltitle = {International Journal of Information Management},
  year         = {2016},
  volume       = {36},
  number       = {2},
  pages        = {183--191},
  doi          = {10.1016/j.ijinfomgt.2015.11.010},
  url          = {http://www.sciencedirect.com/science/article/pii/S0268401215001115},
}

@online{LewisFowler2014,
  author    = {Lewis, James and Fowler, Martin},
  title     = {Microservices: a definition of this new architectural term},
  date      = {2014-03-25},
  url       = {http://martinfowler.com/articles/microservices.html},
  urldate   = {2016-09-01},
}

@online{Hykes2013,
  author    = {Solomon Hykes},
  title     = {The future of Linux Containers (PyCon 2013)},
  date      = {2013-03-21},
  url       = {https://www.youtube.com/watch?v=wW9CAH9nSLs},
  urldate   = {2016-09-01},
}

@Comment{jabref-meta: databaseType:biblatex;}
